<record xmlns="http://www.loc.gov/MARC21/slim" xmlns:xsi="http://www.w3.org/2001/XMLSchema-instance" xsi:schemaLocation="http://www.loc.gov/MARC21/slim http://www.loc.gov/standards/marcxml/schema/MARC21slim.xsd"><leader>00037nz   2200037n  4500</leader><controlfield tag="001">DNB|102409196</controlfield><controlfield tag="003">DNB</controlfield><controlfield tag="005">20061123230837.0</controlfield><controlfield tag="008">930416|||az|nnaa|||||||||||| a|aaa|||| d</controlfield><datafield ind1="7" ind2=" " tag="016"><subfield code="a">102409196</subfield><subfield code="2">GyFmDB</subfield></datafield><datafield ind1=" " ind2=" " tag="040"><subfield code="a">0000</subfield><subfield code="b">ger</subfield><subfield code="d">9999</subfield><subfield code="f">RAK-PND</subfield></datafield><datafield ind1="1" ind2=" " tag="100"><subfield code="a">Vestricius Spurinna, Titus</subfield><subfield code="d">1. Jh. n. Chr.</subfield></datafield><datafield ind1="1" ind2=" " tag="400"><subfield code="a">Spurinna, Titus Vestricius</subfield><subfield code="d">1. Jh. n. Chr.</subfield></datafield><datafield ind1="0" ind2=" " tag="400"><subfield code="a">Vestricius,</subfield><subfield code="c">Spurinna</subfield><subfield code="d">1. Jh. n. Chr.</subfield></datafield><datafield ind1="0" ind2=" " tag="400"><subfield code="a">Vestritius,</subfield><subfield code="c">Spurinna</subfield><subfield code="d">1. Jh. n. Chr.</subfield></datafield><datafield ind1="0" ind2=" " tag="400"><subfield code="a">Vespricius,</subfield><subfield code="c">Spurinna</subfield><subfield code="d">1. Jh. n. Chr.</subfield></datafield><datafield ind1="1" ind2=" " tag="400"><subfield code="a">Spurinna, Vestricius</subfield><subfield code="d">1. Jh. n. Chr.</subfield></datafield><datafield ind1="1" ind2=" " tag="400"><subfield code="a">Spurinna, Vestritius</subfield><subfield code="d">1. Jh. n. Chr.</subfield></datafield><datafield ind1="1" ind2=" " tag="400"><subfield code="a">Spurinna, Vespricius</subfield><subfield code="d">1. Jh. n. Chr.</subfield></datafield><datafield ind1=" " ind2=" " tag="500"><subfield code="t">Lyricae Reliquiae. - 1840</subfield></datafield><datafield ind1=" " ind2=" " tag="500"><subfield code="t">De Contemtu Saeculi. - 1782</subfield></datafield><datafield ind1=" " ind2=" " tag="910"><subfield code="a">de contemtu saeculi</subfield><subfield code="9">2</subfield></datafield><datafield ind1=" " ind2=" " tag="910"><subfield code="a">lyricae reliquiae</subfield><subfield code="9">2</subfield></datafield><datafield ind1=" " ind2=" " tag="922"><subfield code="a">gw</subfield><subfield code="9">2</subfield></datafield><datafield ind1=" " ind2=" " tag="940"><subfield code="a">ger</subfield><subfield code="9">2</subfield></datafield><datafield ind1=" " ind2=" " tag="943"><subfield code="a">184x</subfield><subfield code="9">2</subfield></datafield><datafield ind1=" " ind2=" " tag="943"><subfield code="a">178x</subfield><subfield code="9">2</subfield></datafield><datafield ind1=" " ind2=" " tag="944"><subfield code="a">am</subfield><subfield code="9">2</subfield></datafield><datafield ind1=" " ind2=" " tag="950"><subfield code="a">axt karl august moritz</subfield><subfield code="9">1</subfield></datafield><datafield ind1=" " ind2=" " tag="999"><subfield code="a">BVB|BV001686655</subfield></datafield><datafield ind1=" " ind2=" " tag="999"><subfield code="a">BVB|BV001712600</subfield></datafield></record>